<?xml version="1.0" encoding="UTF-8"?><collection xmlns="http://www.loc.gov/MARC21/slim"><record><leader>00353nam--2200133-i-4500</leader><controlfield tag="001">000025050</controlfield><controlfield tag="002">20161230</controlfield><controlfield tag="005">20170111001215</controlfield><controlfield tag="008">060222s1000------------r-----000-0-eng-d</controlfield><datafield ind1=" " ind2=" " tag="245"><subfield code="a">Jeep II. a multipurpose research reactor</subfield></datafield><datafield ind1=" " ind2=" " tag="260"><subfield code="a">Kjeller</subfield><subfield code="b">Institut For Atomenergi</subfield><subfield code="c">[1965]</subfield></datafield><datafield ind1=" " ind2=" " tag="300"><subfield code="a">11 p.+ 10 Fig</subfield></datafield><datafield ind1=" " ind2=" " tag="852"><subfield code="a">22051</subfield></datafield><datafield ind1=" " ind2=" " tag="CAT"><subfield code="a">SYS</subfield><subfield code="c">20170111</subfield><subfield code="h">001215</subfield></datafield></record></collection>